<record><leader>00000cas a2200000 a 4500</leader><controlfield tag="001">29464395</controlfield><controlfield tag="008">931210d1971198umaumx ne      0   a0eng c</controlfield><datafield ind1=" " ind2=" " tag="010"><subfield code="a">sn 93024212 </subfield></datafield><datafield ind1=" " ind2=" " tag="040"><subfield code="a">EYM</subfield><subfield code="b">eng</subfield><subfield code="c">EYM</subfield><subfield code="d">CNW</subfield><subfield code="d">OCLCQ</subfield><subfield code="d">OCLCF</subfield><subfield code="d">OCLCO</subfield></datafield><datafield ind1=" " ind2=" " tag="012"><subfield code="i">9312</subfield></datafield><datafield ind1="1" ind2=" " tag="029"><subfield code="a">AU@</subfield><subfield code="b">000025851060</subfield></datafield><datafield ind1=" " ind2=" " tag="042"><subfield code="a">pcc</subfield></datafield><datafield ind1=" " ind2=" " tag="043"><subfield code="a">n-us-ma</subfield></datafield><datafield ind1=" " ind2=" " tag="090"><subfield code="a">F74.L98</subfield><subfield code="b">N54</subfield></datafield><datafield ind1="0" ind2="4" tag="245"><subfield code="a">The Newpaper.</subfield></datafield><datafield ind1="3" ind2="0" tag="246"><subfield code="a">New paper</subfield></datafield><datafield ind1="3" ind2="0" tag="246"><subfield code="a">Newspaper</subfield></datafield><datafield ind1=" " ind2=" " tag="260"><subfield code="a">Lynn, Mass. :</subfield><subfield code="b">The Newpaper</subfield></datafield><datafield ind1=" " ind2=" " tag="300"><subfield code="a">v. :</subfield><subfield code="b">ill.</subfield></datafield><datafield ind1=" " ind2=" " tag="310"><subfield code="a">Monthly</subfield></datafield><datafield ind1="1" ind2=" " tag="362"><subfield code="a">Began in 1971.</subfield></datafield><datafield ind1=" " ind2=" " tag="500"><subfield code="a">"There is nothing so powerful as the truth."</subfield></datafield><datafield ind1=" " ind2=" " tag="588"><subfield code="a">Description based on surrogate of: Vol. 1, no. 8 (Nov. 1, 1971); title from caption.</subfield></datafield><datafield ind1=" " ind2=" " tag="588"><subfield code="a">Latest issue consulted: Vol. 2, no. 4 (Apr. 24, 1971) (surrogate).</subfield></datafield><datafield ind1=" " ind2="0" tag="650"><subfield code="a">Community organization</subfield><subfield code="z">Massachusetts</subfield><subfield code="z">Lynn</subfield><subfield code="v">Newspapers.</subfield></datafield><datafield ind1=" " ind2="0" tag="651"><subfield code="a">Lynn (Mass.)</subfield><subfield code="v">Newspapers.</subfield></datafield><datafield ind1=" " ind2="7" tag="655"><subfield code="a">Newspapers.</subfield><subfield code="2">fast</subfield><subfield code="0">(OCoLC)fst01423814</subfield></datafield><datafield ind1=" " ind2="7" tag="650"><subfield code="a">Community organization.</subfield><subfield code="2">fast</subfield><subfield code="0">(OCoLC)fst01432034</subfield></datafield><datafield ind1=" " ind2="7" tag="651"><subfield code="a">Massachusetts</subfield><subfield code="z">Lynn.</subfield><subfield code="2">fast</subfield><subfield code="0">(OCoLC)fst01207099</subfield></datafield><datafield ind1=" " ind2=" " tag="752"><subfield code="a">United States</subfield><subfield code="b">Massachusetts</subfield><subfield code="c">Essex</subfield><subfield code="d">Lynn.</subfield></datafield><datafield ind1=" " ind2=" " tag="850"><subfield code="a">MiU</subfield></datafield></record>